@book{ramage-1971,
	address = {USA},
	author = {Ramage, Colin},
	publisher = {Academic Press},
	title = {{Monsoon Meteorology}},
	volume = {15},
	year = {1971},
	pages   = "iii-xi, 1-296"
	
}

@misc{Climategov,
	author = { Becker, Emily},
	month = {08},
	title = {{The North American Monsoon - NOAA Climate.gov}},
	url = {https://www.climate.gov/news-features/blogs/enso/north-american-monsoon},
	year = {2021},
	note = {Recuperado: 2022-05-18},
}

@misc{COMET,
	title = {Introducción a la Meteorología Tropical},
	author = "{The COMET Program}",
	url = {https://www.meted.ucar.edu/sign_in.php?go_back_to=/tropical/textbook_2nd_edition_es/navmenu.php},
	note = {Recuperado: 2022-05-18},
}

@misc{CPC,
	title = {North American Monsoon: Report to the Nation},
	author       = "{Climate Prediction Center}",
	url = {https://www.cpc.ncep.noaa.gov/products/outreach/education.shtml},
	note = {Recuperado: 2022-05-19},
}

@article{adams1997north,
  title={The north American monsoon},
  author={Adams, David K and Comrie, Andrew C},
  journal={Bulletin of the American Meteorological Society},
  volume={78},
  number={10},
  pages={2197--2214},
  year={1997},
  publisher={American Meteorological Society}
}

@article{boos2021,
	author = {Boos, William R. and Pascale, Salvatore},
	doi = {10.1038/s41586-021-03978-2},
	journal = {Nature},
	number = {7886},
	pages = {611--615},
	title = {{Mechanical forcing of the North American monsoon by orography}},
	volume = {599},
	year = {2021},
}

@misc{DRI,
	author = {{Desert Research Institute}},
	month = {12},
	title = {{North American Monsoon}},
	url = {https://www.dri.edu/project/north-american-monsoon/},
	year = {2019},
}

@misc{COMET2,
	author = {UCAR/COMET},
	title = {{Los Monzones Americanos}},
	url = {https://www.meted.ucar.edu/sign_in.php?go_back_to=/tropical/textbook_2nd_edition_es/navmenu.php},
}
